
%*******************************************************************Papers
@INPROCEEDINGS{Load_Monitoring,
  author={Houidi, Sarra and Auger, François and Frétaud, Philippe and Fourer, Dominique and Miègeville, Laurence and Attia Sethom, Houda Ben},
  booktitle={2019 10th International Renewable Energy Congress (IREC)}, 
  title={Design of an electricity consumption measurement system for Non Intrusive Load Monitoring}, 
  year={2019},
  volume={},
  number={},
  pages={1-6},
  doi={10.1109/IREC.2019.8754586}}

@article{MADV-DAQ,
title = {MADV-DAQ: Multi-channel Arduino-based differential voltage data acquisition system for remote strain measurement applications},
journal = {HardwareX},
volume = {12},
pages = {e00360},
year = {2022},
issn = {2468-0672},
doi = {https://doi.org/10.1016/j.ohx.2022.e00360},
url = {https://www.sciencedirect.com/science/article/pii/S2468067222001055},
author = {Hendrik Louw and André Broekman and Elsabé Kearsley},
}

@article{Portable_Sensing,
title = {Monitoring Precast Structures During Transportation Using A Portable Sensing System},
journal = {Automation in Construction},
volume = {145},
pages = {104639},
year = {2023},
issn = {0926-5805},
doi = {https://doi.org/10.1016/j.autcon.2022.104639},
url = {https://www.sciencedirect.com/science/article/pii/S092658052200509X},
author = {Sadia Umer Khayam and Jongbin Won and Junsik Shin and Junyoung Park and Jong-Woong Park},
}

@Article{Event_Monitor,
AUTHOR = {Fu, Yuguang and Hoang, Tu and Mechitov, Kirill and Kim, Jong R. and Zhang, Dichuan and Spencer, Billie F.},
TITLE = {Sudden Event Monitoring of Civil Infrastructure Using Demand-Based Wireless Smart Sensors},
JOURNAL = {Sensors},
VOLUME = {18},
YEAR = {2018},
NUMBER = {12},
ARTICLE-NUMBER = {4480},
URL = {https://www.mdpi.com/1424-8220/18/12/4480},
PubMedID = {30567375},
ISSN = {1424-8220},
DOI = {10.3390/s18124480}
}

@article{WireLs_SmartSensor,
author = {Yuguang Fu and Kirill Mechitov and Tu Hoang and Jong R Kim and Deuck Hang Lee and Billie F Spencer, Jr.},
title ={Development and full-scale validation of high-fidelity data acquisition on a next-generation wireless smart sensor platform},
journal = {Advances in Structural Engineering},
volume = {22},
number = {16},
pages = {3512-3533},
year = {2019},
doi = {10.1177/1369433219866093},

URL = { 
        https://doi.org/10.1177/1369433219866093
    
},
eprint = { 
        https://doi.org/10.1177/1369433219866093
    
}
}

@INPROCEEDINGS{RealTimeAcq_Matlab,
  author={Sieczkowski, Krzysztof and Sondej, Tadeusz},
  booktitle={2016 MIXDES - 23rd International Conference Mixed Design of Integrated Circuits and Systems}, 
  title={A method for real-time data acquisition using Matlab software}, 
  year={2016},
  volume={},
  number={},
  pages={437-442},
  doi={10.1109/MIXDES.2016.7529782}}


@inproceedings{OpenAcq_Matlab,
  title={Development of a Cost-effective Data Acquisition System using an Open-source Hardware and Matlab/Simulink},
  author={Sugkil Seo and Yeong-Sang Park and Young Sam Lee},
  booktitle={International Conference on Informatics in Control, Automation and Robotics},
  year={2016}
}
@INPROCEEDINGS{Matlab_DAQ,
  author={Panda, Anshuman and Wong, Hong and Kapila, Vikram and Lee, Sang-Hoon},
  booktitle={Proceedings of the 45th IEEE Conference on Decision and Control}, 
  title={Matlab Data Acquisition and Control Toolbox for Basic Stamp Microcontrollers}, 
  year={2006},
  volume={},
  number={},
  pages={3918-3925},
  doi={10.1109/CDC.2006.377158}}

@INPROCEEDINGS{Automatic_code,
  author={Krizan, J. and Ertl, L. and Bradac, M. and Jasansky, M. and Andreev, A.},
  booktitle={2014 IEEE 27th Canadian Conference on Electrical and Computer Engineering (CCECE)}, 
  title={Automatic code generation from Matlab/Simulink for critical applications}, 
  year={2014},
  volume={},
  number={},
  pages={1-6},
  doi={10.1109/CCECE.2014.6901058}}


%******************************************************************* ADC Basic
  @inproceedings{KozminPhD,
  title={Data acquisition and signal conditioning for low power measurement systems},
  author={Kirill Kozmin},
  year={2008}
}
@Book{DAQHandbook,
title = {Data Acquistion Handbook},
year = {2012},
url = {https://www.mccdaq.com/pdfs/anpdf/data-acquisition-handbook.pdf},
author = {Measurement Computing Corporation },
}
@inbook{Acquistion_Eren,
author = {Eren, Halit and Potter, David},
year = {2012},
month = {01},
pages = {330-341},
title = {Data Acquisition Fundamentals},
journal = {Instrument Engineers' Handbook: Fourth Edition},
doi = {10.1201/b11093-23}
}
@book{DAQ_Fundamental,
author = {Di Paolo Emilio, Maurizio},
year = {2013},
month = {01},
pages = {},
title = {Data Acquisition Systems: From Fundamentals to Applied Design},
isbn = {978-1-4614-4213-4},
doi = {10.1007/978-1-4614-4214-1}
}
@ARTICLE{ADC_Param,
  author={Rapuano, S. and Daponte, P. and Balestrieri, E. and De Vito, L. and Tilden, S.J. and Max, S. and Blair, J.},
  journal={IEEE Instrumentation & Measurement Magazine}, 
  title={ADC parameters and characteristics}, 
  year={2005},
  volume={8},
  number={5},
  pages={44-54},
  doi={10.1109/MIM.2005.1578617}}



%******************************************************************* Wireless IoT Protocols
@Article{PerformanceMAP,
AUTHOR = {Mansour, Mohammad and Gamal, Amal and Ahmed, Ahmed I. and Said, Lobna A. and Elbaz, Abdelmoniem and Herencsar, Norbert and Soltan, Ahmed},
TITLE = {Internet of Things: A Comprehensive Overview on Protocols, Architectures, Technologies, Simulation Tools, and Future Directions},
JOURNAL = {Energies},
VOLUME = {16},
YEAR = {2023},
NUMBER = {8},
ARTICLE-NUMBER = {3465},
URL = {https://www.mdpi.com/1996-1073/16/8/3465},
ISSN = {1996-1073},
DOI = {10.3390/en16083465}
}

@INPROCEEDINGS{IoT_Protocol,
  author={Al-Sarawi, Shadi and Anbar, Mohammed and Alieyan, Kamal and Alzubaidi, Mahmood},
  booktitle={2017 8th International Conference on Information Technology (ICIT)}, 
  title={Internet of Things (IoT) communication protocols: Review}, 
  year={2017},
  volume={},
  number={},
  pages={685-690},
  doi={10.1109/ICITECH.2017.8079928}}

@INPROCEEDINGS{LTE-M_Perform,
  author={Hongli Zhao and Hailin Jiang},
  booktitle={2016 IEEE Advanced Information Management, Communicates, Electronic and Automation Control Conference (IMCEC)}, 
  title={LTE-M system performance of integrated services based on field test results}, 
  year={2016},
  volume={},
  number={},
  pages={2016-2021},
  doi={10.1109/IMCEC.2016.7867570}}




%******************************************************************* Datasheet
@Manual{ADS131M08EV,
title = {ADS131M08 Evaluation Module},
year = {2019},
url = {https://www.ti.com/lit/pdf/sbau334},
author = {Texas Instruments},
}

@Manual{ADSDatasheet,
title = {ADS131M08 8-Channel, Simultaneously-Sampling, 24-Bit, Delta-Sigma ADC},
year = {2019},
url = {https://www.ti.com/lit/gpn/ads131m08},
author = {Texas Instruments},
}



%******************************************************************* FreeRTOS
@techreport{FreeRTOS,
title = {FreeRTOS Documentation},
year = {2016},
url = {https://www.freertos.org/Documentation/RTOS_book.html},
author = {FreeRTOS.org},
}

@techreport{UnderstandingRTOS,
author = {Zhu, Ming-Yuan},
year = {2011},
month = {05},
pages = {},
title = {Understanding FreeRTOS: A Requirement Analysis},
doi = {10.13140/RG.2.2.12419.09767}
}